@book{thebook,
    title  = {{An Introduction to Scientific Computing : Twelve Computational Projects Solved with MATLAB }},
    author = {{Ionut Danaila}},
    publisher = {{Springer}},
    year    =   {2006}
}